@book{murphy2012,
author = {Murphy, Kevin P.},
title = {Machine Learning: A Probabilistic Perspective},
year = {2012},
isbn = {0262018020},
publisher = {The MIT Press},
}

@book{kolmogorov1933,
    author = {Kolmogorov, A. P.},
    title = {Foundations of the Theory of Probability},
    year = {1956},
    publisher = {Chelsea Publishing Co.},
}

@book{bernstein1998,
    author = {Peter L. Bernstein},
    title = {Against the Gods: The Remarkable Story of Risk},
    year = {1998},
    publisher = {Wiley},
}

@book{axler2020,
    author={Axler, Sheldon},
    title={Measure, Integration {\&} Real Analysis},
    year={2020},
    publisher={Springer International Publishing},
    isbn={978-3-030-33143-6},
    doi={10.1007/978-3-030-33143-6_2},
    url={https://doi.org/10.1007/978-3-030-33143-6_2}
}


@inproceedings{Solnik2017,
  title={Bayesian Optimization for a Better Dessert},
  author={Benjamin Solnik and Daniel Golovin and Greg Kochanski and John E. Karro and Subhodeep Moitra and D. Sculley},
  year={2017},
  url={https://api.semanticscholar.org/CorpusID:6562811}
}

@misc{ament2023,
      title={Sustainable Concrete via Bayesian Optimization},
      author={Sebastian Ament and Andrew Witte and Nishant Garg and Julius Kusuma},
      year={2023},
      eprint={2310.18288},
      archivePrefix={arXiv},
      primaryClass={cs.LG}
}

@article{hornik1989,
    title = {Multilayer feedforward networks are universal approximators},
    journal = {Neural Networks},
    volume = {2},
    number = {5},
    pages = {359-366},
    year = {1989},
    issn = {0893-6080},
    doi = {https://doi.org/10.1016/0893-6080(89)90020-8},
    url = {https://www.sciencedirect.com/science/article/pii/0893608089900208},
    author = {Kurt Hornik and Maxwell Stinchcombe and Halbert White},
}

@article{shahriari2016,
  author={Shahriari, Bobak and Swersky, Kevin and Wang, Ziyu and Adams, Ryan P. and de Freitas, Nando},
  journal={Proceedings of the IEEE}, 
  title={Taking the Human Out of the Loop: A Review of Bayesian Optimization}, 
  year={2016},
  volume={104},
  number={1},
  pages={148-175},
  doi={10.1109/JPROC.2015.2494218}
}

